<record xmlns="http://www.loc.gov/MARC21/slim" xmlns:xsi="http://www.w3.org/2001/XMLSchema-instance" xsi:schemaLocation="http://www.loc.gov/MARC21/slim http://www.loc.gov/standards/marcxml/schema/MARC21slim.xsd"><leader>     nam a22        4500</leader><controlfield tag="001">3058952</controlfield><controlfield tag="003">NNC</controlfield><controlfield tag="006">m        d        </controlfield><controlfield tag="007">cr cn |||m|||a</controlfield><controlfield tag="008">150601s1955    sy      ob    000 0 arard</controlfield><datafield ind1=" " ind2=" " tag="040"><subfield code="a">NNU</subfield><subfield code="b">eng</subfield><subfield code="e">rda</subfield><subfield code="c">NNU</subfield></datafield><datafield ind1=" " ind2="4" tag="050"><subfield code="a">PJ7803.M835</subfield><subfield code="b">R5</subfield></datafield><datafield ind1="1" ind2=" " tag="100"><subfield code="6">880-01</subfield><subfield code="a">S&#803;u&#772;ri&#772;, Muh&#803;ammad &#699;Ali&#772;. </subfield></datafield><datafield ind1="1" ind2="0" tag="240"><subfield code="6">880-02</subfield><subfield code="a">Qas&#803;i&#772;dah al-S&#803;u&#772;ri&#772;yah </subfield></datafield><datafield ind1="1" ind2="0" tag="245"><subfield code="6">880-03</subfield><subfield code="a">Risa&#772;lah Isma&#772;&#699;i&#772;li&#772;yah wa&#772;h&#803;idah :</subfield><subfield code="b">al-Qas&#803;i&#772;dah al-S&#803;u&#772;ri&#772;yah /</subfield><subfield code="c">ta&#700;li&#772;f Muh&#803;ammad ibn &#699;Ali&#772; ibn H&#803;asan al-S&#803;u&#772;ri&#772;. Tah&#803;qi&#772;q wa-taqdi&#772;m &#699;A&#772;rif Ta&#772;mir.</subfield></datafield><datafield ind1="3" ind2=" " tag="246"><subfield code="a">La qas&#803;i&#772;da s&#803;u&#772;ri&#772;ya</subfield></datafield><datafield ind1=" " ind2=" " tag="260"><subfield code="6">880-04</subfield><subfield code="a">Dimashq :</subfield><subfield code="b">al-Ma&#699;had al-Faransi&#772; bi-Dimashq lil-Dira&#772;sa&#772;t al-&#699;Arabi&#772;yah,</subfield><subfield code="c">1955.</subfield></datafield><datafield ind1=" " ind2=" " tag="300"><subfield code="a">online resource (74 pages)</subfield></datafield><datafield ind1=" " ind2=" " tag="336"><subfield code="a">text</subfield><subfield code="2">rdacontent</subfield></datafield><datafield ind1=" " ind2=" " tag="337"><subfield code="a">computer</subfield><subfield code="2">rdamedia</subfield></datafield><datafield ind1=" " ind2=" " tag="338"><subfield code="a">online resource</subfield><subfield code="2">rdacarrier</subfield></datafield><datafield ind1=" " ind2=" " tag="500"><subfield code="a">Added cover title: La qas&#803;i&#772;da s&#803;u&#772;riya de Muh&#803;ammad b. &#699;Ali&#772; b. H&#803;assan as&#803;-S&#803;u&#772;ri&#772;.</subfield></datafield><datafield ind1=" " ind2=" " tag="500"><subfield code="a">Part of the Arabic Collections Online (ACO) project, contributed by Columbia University Libraries.</subfield></datafield><datafield ind1=" " ind2=" " tag="504"><subfield code="a">Includes bibliographical references.</subfield></datafield><datafield ind1=" " ind2=" " tag="533"><subfield code="a">Electronic reproduction.</subfield><subfield code="b">New York, N.Y. :</subfield><subfield code="c">New York University,</subfield><subfield code="d">2015.</subfield><subfield code="5">NNU</subfield></datafield><datafield ind1=" " ind2="0" tag="650"><subfield code="a">Ismailites.</subfield></datafield><datafield ind1=" " ind2="7" tag="650"><subfield code="a">Ismailites.</subfield><subfield code="2">fast</subfield><subfield code="0">(OCoLC)fst00980134</subfield></datafield><datafield ind1="1" ind2=" " tag="700"><subfield code="6">880-05</subfield><subfield code="a">Ta&#772;mir, &#699;A&#772;rif.</subfield></datafield><datafield ind1="2" ind2=" " tag="710"><subfield code="a">Columbia University.</subfield><subfield code="b">Libraries.</subfield></datafield><datafield ind1="0" ind2=" " tag="730"><subfield code="a">Arabic Collections Online.</subfield></datafield><datafield ind1="0" ind2="8" tag="776"><subfield code="i">Online version:</subfield><subfield code="a">S&#803;u&#772;ri&#772;, Muh&#803;ammad &#699;Ali&#772;.</subfield><subfield code="t">Risa&#772;lah Isma&#772;&#699;i&#772;li&#772;yah wa&#772;h&#803;idah.</subfield><subfield code="d">Dimashq : al-Ma&#699;had al-Faransi&#772; bi-Dimashq lil-Dira&#772;sa&#772;t al-&#699;Arabi&#772;yah, 1955</subfield><subfield code="w">(OCoLC)881912827</subfield></datafield><datafield ind1="0" ind2="8" tag="776"><subfield code="i">Print version:</subfield><subfield code="a">S&#803;u&#772;ri&#772;, Muh&#803;ammad &#699;Ali&#772;.</subfield><subfield code="t">Risa&#772;lah Isma&#772;&#699;i&#772;li&#772;yah wa&#772;h&#803;idah</subfield><subfield code="w">(NNC)3058952</subfield><subfield code="w">(OCoLC)17723549</subfield></datafield><datafield ind1="4" ind2="0" tag="856"><subfield code="u">http://hdl.handle.net/2333.1/hx3ffdv7</subfield></datafield><datafield ind1="1" ind2=" " tag="880"><subfield code="6">100-01/r</subfield><subfield code="a">&#1589;&#1608;&#1585;&#1610;&#1548; &#1605;&#1581;&#1605;&#1583; &#1593;&#1604;&#1610;. </subfield></datafield><datafield ind1="1" ind2="0" tag="880"><subfield code="6">240-02/r</subfield><subfield code="a">&#1602;&#1589;&#1610;&#1583;&#1577; &#1575;&#1604;&#1589;&#1608;&#1585;&#1610;&#1577;</subfield></datafield><datafield ind1="1" ind2="0" tag="880"><subfield code="6">245-03/r</subfield><subfield code="a">&#1585;&#1587;&#1575;&#1604;&#1577; &#1573;&#1587;&#1605;&#1575;&#1593;&#1610;&#1604;&#1610;&#1577; &#1608;&#1575;&#1581;&#1583;&#1577; :</subfield><subfield code="b">&#1575;&#1604;&#1602;&#1589;&#1610;&#1583;&#1577; &#1575;&#1604;&#1589;&#1608;&#1585;&#1610;&#1577; /</subfield><subfield code="c">&#1578;&#1571;&#1604;&#1610;&#1601; &#1593;&#1604;&#1610; &#1576;&#1606; &#1581;&#1587;&#1606; &#1575;&#1604;&#1589;&#1608;&#1585;&#1610; &#1563; &#1578;&#1581;&#1602;&#1610;&#1602; &#1608;&#1578;&#1602;&#1583;&#1610;&#1605; &#1593;&#1575;&#1585;&#1601; &#1578;&#1575;&#1605;&#1585;.</subfield></datafield><datafield ind1=" " ind2=" " tag="880"><subfield code="6">260-04/r</subfield><subfield code="a">&#1583;&#1605;&#1588;&#1602; :</subfield><subfield code="b">&#1575;&#1604;&#1605;&#1593;&#1607;&#1583; &#1575;&#1604;&#1601;&#1585;&#1606;&#1587;&#1610; &#1576;&#1583;&#1605;&#1588;&#1602; &#1604;&#1604;&#1583;&#1585;&#1575;&#1587;&#1575;&#1578; &#1575;&#1604;&#1593;&#1585;&#1576;&#1610;&#1577;&#1548;</subfield><subfield code="c">&#1633;&#1641;&#1637;&#1637;.</subfield></datafield><datafield ind1="1" ind2=" " tag="880"><subfield code="6">700-05/r</subfield><subfield code="a">&#1578;&#1575;&#1605;&#1585;&#1548; &#1593;&#1575;&#1585;&#1601;.</subfield></datafield><datafield ind1=" " ind2=" " tag="959"><subfield code="a">NNU</subfield><subfield code="b">WEB</subfield><subfield code="c">GENI</subfield><subfield code="t">0</subfield><subfield code="m">Electronic access</subfield><subfield code="s">01</subfield></datafield><datafield ind1=" " ind2=" " tag="999"><subfield code="i">NNC_3058952</subfield><subfield code="o">(OCoLC)ocm17723549</subfield><subfield code="s">columbia_aco000549</subfield><subfield code="e">(ERROR-880)</subfield><subfield code="s">columbia_aco000549</subfield></datafield></record>